@incollection{Groth:2015,
	Author = {Groth, Stefan, and Sarah May},
	Booktitle = {Kultur als Eigentum: Instrumente, Querschnitte und Fallstudien},
	Editor = {Groth, Stefan and Bendix, Regina and Spiller, Achim},
	Pages = {102--120},
	Publisher = {G{\"o}ttingen University Press},
	Title = {{Von Schutz bis Verwertung: Zielsetzungen und Begr{\"u}ndungsmuster von Rechtsinstrumenten im Bereich kulturellen Eigentums}},
	Series = {G{\"o}ttinger Studien zu Cultural Property},
	Volume = {9},
	Year = {2015}}

@incollection{Groth:2015b,
	Address = {G{\"o}ttingen},
	Author = {Groth, Stefan, and Lars D{\"o}pking},
	Booktitle = {Kultur als Eigentum: Instrumente, Querschnitte und Fallstudien},
	Editor = {Groth, Stefan and Bendix, Regina and Spiller, Achim},
	Pages = {417--448},
	Publisher = {G{\"o}ttingen University Press},
	Title = {{Clustering Justice: {\"U}ber normative Dimensionen kulturellen Eigentums}},
	Series = {G{\"o}ttinger Studien zu Cultural Property},
	Volume = {9},
	Year = {2015}}

@incollection{Groth:2015d,
	Author = {Stefan Groth and Regina F. Bendix},
	Booktitle = {Kultur als Eigentum: Instrumente, Querschnitte und Fallstudien},
	Editor = {Groth, Stefan and Bendix, Regina and Spiller, Achim},
	Pages = {1--13},
	Publisher = {G{\"o}ttingen University Press},
	Series = {G{\"o}ttinger Studien zu Cultural Property},
	Volume = {9},
	Title = {Cultural Property: Interdisziplin{\"a}re Forschung zu einem dynamischen Feld}
	Year = {2015}}

@incollection{Groth:2015e,
	Author = {Stefan Groth and Peter-Tobias Stoll and Miriam Sanmukri},
	Booktitle = {Kultur als Eigentum: Instrumente, Querschnitte und Fallstudien},
	Pages = {18--29},
	Publisher = {G{\"o}ttingen University Press},
	Series = {G{\"o}ttinger Studien zu Cultural Property},
	Volume = {9},
	Editor = {Groth, Stefan and Bendix, Regina and Spiller, Achim},
	Title = {Das zwischenstaatliche Komitee der WIPO zu geistigem Eigentum an traditionellem Wissen, traditionellen kulturellen Ausdrucksformen und genetischen Ressourcen}
	Year = {2015}}

@book{Groth:2015f,
	Address = {G{\"o}ttingen},
	Editor = {Stefan Groth and Regina F. Bendix and Achim Spiller},
	Publisher = {G{\"o}ttingen University Press},
	Series = {G{\"o}ttinger Studien zu Cultural Property},
	Title = {Kultur als Eigentum: Instrumente, Querschnitte und Fallstudien},
	Volume = {9},
	Year = {2015}}

@incollection{Groth:2015a,
	Address = {G{\"o}ttingen},
	Author = {Stefan Groth},
	Crossref = {Adell:2015a},
	Editor = {Nicolas Adell and Regina F. Bendix and Chiara Bortolotto and Markus Tauschek},
	Publisher = {G{\"o}ttingen University Press},
	Series = {G{\"o}ttingen Studies in Cultural Property},
	Booktitle = {Between Imagined Communities and Communities of Practice: Participation, Territory and the Making of Heritage},
	Volume = {8},
	Pages = {59--81},
	Title = {Between Society and Culture: Recognition in Cultural Heritage Contexts},
	Year = {2015}}

@article{Groth:2015c,
	Abstract = {Language and its relation to culture has been a topic of research in German Volkskunde [folklore studies] from the beginning of the dis- cipline. While dialectological studies, linguistic specificities of local cultures and language in everyday life have been integral parts of Volkskunde for much of the first part of the twentieth century, the dis- cipline saw a shift away from its philological elements towards a social science orientation in post-Second World War developments. During the last decades, the analysis of linguistic dimensions of everyday culture has been on the margin of scholarly activities in Volkskunde. Starting with a historic perspective on the role of language in the beginnings of the discipline, this article discusses the develop- ment and decrease of the study of linguistic aspects. It analyses the role of language in contemporary German Volkskunde both in theory and methodology, and offers perspectives on how the discipline could benefit from a renewed focus on linguistic dimensions of everyday culture.},
	Author = {Stefan Groth},
	Journal = {Anthropological Journal of European Cultures},
	Keywords = {dialectology, European ethnology, folklore studies, language, linguistic anthropology, narratology, science studies, Volkskunde},
	Number = {1},
	Pages = {24--41},
	Title = {Common Ground and Missing Links: German Volkskunde and Language},
	Volume = {24},
	Year = {2015}}
