	Annote = {Zur preparation eingereicht},
	Annote = {Zur preparation eingereicht},
	Annote = {Zur preparation eingereicht},
