%% Saved with string encoding Unicode (UTF-8)

@book{Groth2010ab,
	Abstract = {Kann Eigentum an Kultur sinnvoll sein? Das Interesse, Cultural Property dem Markt zuzuf{\"u}hren oder dies zu verhindern und hierdurch kollektiven oder individuellen, ideologischen oder {\"o}konomischen Gewinn zu schaffen, gestaltet sich unter den stark divergierenden Bedingungen, die Akteure in einer postkolonialen, sp{\"a}tmodernen Welt vorfinden. Die interdisziplin{\"a}re DFG-Forschergruppe zur Konstituierung von Cultural Property beleuchtet diese seit einigen Jahren in der {\"O}ffentlichkeit mit wachsender Brisanz verhandelte Frage. Die Forschergruppe fragt nach der Konstituierung von Cultural Property im Spannungsfeld von kulturellen, wirtschaftlichen, juristischen und hiermit auch gesellschaftspolitischen Diskursen. Dies bedingt auch die in dieser fokussierten Form neue Zusammenarbeit von Fachwissenschaftler/innen aus Kultur- und Sozialwissenschaften sowie Rechts-und Wirtschaftswissenschaften. Die Unterschiedlichkeit des disziplin{\"a}ren Zugriffs auf einen Forschungsbereich zeigt sich in den in diesem Band vermittelten ersten Ergebnissen aus der laufenden Forschung genauso deutlich wie die Notwendigkeit, disziplin{\"a}re Standpunkte in gemeinsamer Arbeit zusammenzuf{\"u}hren, um den Konstituierungsprozess von Cultural Property zu verstehen.},
	Address = {G{\"o}ttingen},
	Keywords = {editedvolume},
	Editor = {Regina F. Bendix and Kilian Bizer and Stefan Groth},
	DOI = {10.4000/books.gup.488},
	Pdf = {http://doi.org/10.4000/books.gup.488},
	Publisher = {Universit{\"a}tsverlag G{\"o}ttingen},
	Series = {G{\"o}ttingen Studies in Cultural Property},
	Title = {Die Konstituierung von Cultural Property: Forschungs\-perspektiven},
	Annote = {Peer reviewed},
	Volume = {1},
	Url = {http://resolver.sub.uni-goettingen.de/purl?isbn-978-3-941875-61-6},
	Year = {2010}}

@article{Groth2009aa,
	Author = {Stefan Groth},
	Journal = {Kulturen},
	Pages = {40--47},
	Title = {Kulturen im Gespr{\"a}ch: Interview mit Valdimar Hafstein},
	Keywords = {miszelle},
	Volume = {2/2009},
	Year = {2009}}

@article{Groth2009ab,
	Author = {Stefan Groth},
	Journal = {Kulturen},
	Pages = {33--39},
	Title = {Tradition und Wert: Die Weltorganisation f{\"u}r Geistiges Eigentum, Cultural Property und die Vorzeitigkeit von Tradition},
	Volume = {2/2009},
	Year = {2009}}

@incollection{Groth2010aa,
	Address = {G{\"o}ttingen},
	Author = {Stefan Groth},
	Booktitle = {Die Konstituierung von Cultural Property: Forschungs\-perspektiven},
	Editor = {Regina F. Bendix and Kilian Bizer and Stefan Groth},
	Pages = {177--195},
	Pdf = {https://books.openedition.org/gup/513},
	Publisher = {G{\"o}ttingen University Press},
	Series = {G{\"o}ttingen Studies in Cultural Property},
	Title = {Perspektiven der Differenzierung: Multiple Ausdeutungen von traditionellem Wissen indigener Gemeinschaften in WIPO-Verhandlungen},
	Url = {http://resolver.sub.uni-goettingen.de/purl?isbn-978-3-941875-61-6},
	Year = {2010}}

@article{Groth2011aa,
	Abstract = {This article explores different perspectives on indigenous communities and their traditional knowledge on the national level as well as on the global stage. It aims to provide a survey of such perspectives and the links and interdependencies between them using the example of the world Intellectual Property organization's Intergovernmental Committee on Intellectual Property and Genetic Resources, Traditional Knowledge and Folklore (WIPO's IGC). It is argued that different socio-political constellations and power relations lead to terminological perspectives of differentiation, i.e. the semantic construction of an external Other in the past that is used to evaluate the present and place oneself in a position of advantage.},
	Author = {Stefan Groth},
	Journal = {Journal of Ethnology and Folkloristics},
	Keywords = {peerreview,cultural property,multiperspectivity,traditional knowledge,terminology,WIPO},
	Number = {1},
	Pages = {7--24},
	Pdf = {http://www.jef.ee/index.php/journal/article/view/1/pdf_1},
	Title = {Perspectives of Differentiation: Negotiating Traditional Knowledge on the International Level},
	Url = {http://www.jef.ee/index.php/journal/article/view/1},
	Volume = {4},
	Annote = {Peer reviewed},
	Year = {2011}}

@book{Groth2012aa,
	Abstract = {Communicative interactions in international negotiations on cultural property not only provide information about the emergence and proliferation of arguments, rhetorics, and registers, but also permit valuable insights into actors ÃÅpositions, strategies and alliances. They significantly infl uence local and national practices and views related to cultural property debates. What can be gained from a deep analysis of the communicative patterns and strategies that actors engage in - the entailing text and talk of negotiations - is a better understanding of the process itself: how do different actors argue, what kind of strategies and rhetorics do they use, to which instruments and institutions do they refer, and in what way do actors react to each other? An analysis of communicative interactions contributes to the question of how international negotiations work. The analytic inclusion of sociolinguistic practices allows insights into positions, strategies, and perspectives pertaining to cultural property. By looking at not only what actors say, but also at how and in what contexts they do so, it is possible to make more accurate statements about their positions and perceptions in cultural property debates. As these communicative interactions influence outcomes considerably, an approach from linguistic anthropology is not only beneficial for an understanding of specific negotiations, but also for the analysis of broader cultural property issues.},
	Address = {G{\"o}ttingen},
	Author = {Groth, Stefan},
	Keywords = {monography},
	Pdf = {https://doi.org/10.4000/books.gup.608},
	DOI = {10.4000/books.gup.608},
	Publisher = {G{\"o}ttingen University Press},
	Series = {G{\"o}ttingen Studies in Cultural Property},
	Title = {Negotiating Tradition: The Pragmatics of International Deliberations on Cul\-tural Property},
	Url = {http://resolver.sub.uni-goettingen.de/purl?isbn-978-3-86395-100-9},
	Volume = {4},
	Year = {2012}}

@incollection{Groth2013aa,
	Address = {M{\"u}nster},
	Author = {Stefan Groth},
	Booktitle = {Kultur\_Kultur. Denken, Forschen, Darstellen. 38. Kongress der Deutschen Gesellschaft f{\"u}r Volkskunde in T{\"u}bingen vom 21. bis 24. September 2011},
	Editor = {Reinhard Johler and Christian Marchetti and Bernhard Tschofen and Carmen Weith},
	Pages = {59--65},
	Publisher = {Waxmann},
	Title = {Allmendgemeinschaften und Cultural Commons in der Diskussion um kulturelles Eigentum},
	Year = {2013}}

@article{Groth2014aa,
	Abstract = {Building on ethnographic work with German recreational cyclists, this paper analyzes competitive motives in hobby races and training. Laying open the construction of non-competitive recreational sports as part of the dichotomy between work and leisure, the analysis turns to competitive stimuli in performative experience and examines their effects. These range from short-term efforts in races and group rides to the structuring of training and race schedules. Looking at how motives fluctuate between different layers of competitiveness, three main developments and currents influencing road cycling are observed: the popularity and possibility of big urban events, the increase of quantification, the transparency and availability of data and knowledge, and the permeability of life worlds to competitive norms.},
	Author = {Stefan Groth},
	Journal = {Ethnologia Europaea},
	Keywords = {peerreview, mass sports, road cycling, rationalization, quantification, competitiveness},
	Annote = {Peer reviewed},
	Number = {1},
	Pages = {38--56},
	Pdf = {},
	Title = {Quantified Cyclists and Stratified Motives: Explorations into Age-Group Road Cycling as Cultural Performance},
	Volume = {44},
	Year = {2014}}

@incollection{Groth2015aa,
	Address = {G{\"o}ttingen},
	Author = {Stefan Groth},
	Booktitle = {Between Imagined Communities and Communities of Practice: Participation, Territory and the Making of Heritage},
	Pages = {59--81},
	Pdf = {https://books.openedition.org/gup/191},
	Publisher = {G{\"o}ttingen University Press},
	Series = {G{\"o}ttingen Studies in Cultural Property},
	Title = {Between Society and Culture: Recognition in Cultural Heritage Contexts},
	Url = {http://resolver.sub.uni-goettingen.de/purl?univerlag-isbn-978-3-86395-205-1},
	Year = {2015}}

@incollection{Groth2015ab,
	Address = {G{\"o}ttingen},
	Author = {Stefan Groth and Lars D{\"o}pking},
	Booktitle = {Kultur als Eigentum: Instrumente, Querschnitte und Fallstudien},
	Editor = {Stefan Groth and Regina F. Bendix and Achim Spiller},
	Pages = {413--444},
	Pdf = {https://books.openedition.org/gup/556},
	Publisher = {G{\"o}ttingen University Press},
	Title = {Clustering Justice: {\"U}ber normative Dimensionen kulturellen Eigentums},
	Url = {http://resolver.sub.uni-goettingen.de/purl?univerlag-isbn-978-3-86395-204-4},
	Year = {2015}}

@article{Groth2015ac,
	Abstract = {Language and its relation to culture has been a topic of research in German Volkskunde [folklore studies] from the beginning of the discipline. While dialectological studies, linguistic specificities of local cultures and language in everyday life have been integral parts of Volkskunde for much of the first part of the twentieth century, the discipline saw a shift away from its philological elements towards a social science orientation in post-Second World War developments. During the last decades, the analysis of linguistic dimensions of everyday culture has been on the margin of scholarly activities in Volkskunde. Starting with a historic perspective on the role of language in the beginnings of the discipline, this article discusses the development and decrease of the study of linguistic aspects. It analyses the role of language in contemporary German Volkskunde both in theory and methodology, and offers perspectives on how the discipline could benefit from a renewed focus on linguistic dimensions of everyday culture.},
	Author = {Stefan Groth},
	Annote = {Peer reviewed},
	Doi = {10.3167/ajec.2015.240103},
	Journal = {AJEC: Anthropological Journal of European Cultures},
	Keywords = {peerreview, dialectology; European ethnology; folklore studies; language; linguistic anthropology; narratology; science studies; Volkskunde},
	Number = {1},
	Pages = {24--41},
	Title = {Common Ground and Missing Links: German Volkskunde and Language},
	Volume = {24},
	Year = {2015}}

@incollection{Groth2015ad,
	Address = {G{\"o}ttingen},
	Author = {Stefan Groth and Regina F. Bendix},
	Booktitle = {Kultur als Eigentum: Instrumente, Querschnitte und Fallstudien},
	Editor = {Stefan Groth and Regina F. Bendix and Achim Spiller},
	Pages = {1--13},
	Pdf = {https://books.openedition.org/gup/533},
	Publisher = {G{\"o}ttingen University Press},
	Series = {G{\"o}ttingen Studies in Cultural Property},
	Title = {Cultural Property: Interdisziplin{\"a}re Forschung zu einem dynamischen Feld},
	Url = {http://resolver.sub.uni-goettingen.de/purl?isbn-978-3-86395-100-9},
	Year = {2015}}

@incollection{Groth2015ae,
	Address = {G{\"o}ttingen},
	Author = {Stefan Groth and Peter-Tobias Stoll and Miriam Sanmukri},
	Booktitle = {Kultur als Eigentum: Instrumente, Querschnitte und Fallstudien},
	Editor = {Stefan Groth and Regina F. Bendix and Achim Spiller},
	Pages = {17--29},
	Pdf = {https://books.openedition.org/gup/535},
	Publisher = {G{\"o}ttingen University Press},
	Series = {G{\"o}ttingen Studies in Cultural Property},
	Title = {Das zwischenstaatliche Komitee der WIPO zu geistigem Eigentum an traditionellem Wissen, traditionellen kulturellen Ausdrucksformen und genetischen Ressourcen},
	Url = {http://resolver.sub.uni-goettingen.de/purl?isbn-978-3-86395-100-9},
	Year = {2015}}

@book{Groth2015ai,
	Abstract = {Im Zeitalter verknappender Ressourcen ist Kultur -- beispielsweise in Form von traditionellem Wissen oder Kulturerbe -- in den Brennpunkt wirtschaftlicher, politischer wie ideeller Interessen ger{\"u}ckt. Die Rechte an Eigentum oder Nutzung solcher Kulturg{\"u}ter werden von internationalen B{\"u}hnen bis zu lokalen Schaupl{\"a}tzen verhandelt und implementiert. Nach sechs Jahren intensiver, interdisziplin{\"a}rer Zusammenarbeit legt die DFG-Forschergruppe 772 (‚ÄûDie Konstituierung von Cultural Property: Akteure, Diskurse, Kontexte, Regeln``) einen mehrgliedrigen Ergebnisband zu diesem wichtigen, sp{\"a}tmodernen Ph{\"a}nomen der Konstituierung kulturellen Eigentums vor. Ein erster Teil bietet griffige Vorstellungen verschiedener internationaler Instrumente und Arenen, in denen Handhabung von Schutz und Inwertsetzung von Kultur im Mittelpunkt stehen. Der zweite Teil versammelt Beitr{\"a}ge, die zentrale Handlungsmotive und Legitimationsweisen der Inwertsetzung von Kultur er{\"o}rtern und Konzepte, die dabei von besonderer Relevanz sind, durchleuchten. Im dritten Teil werden Ergebnisse aus den verschiedenen Teilprojekten der Forschergruppe vorgestellt.},
	Address = {G{\"o}ttingen},
	Keywords = {editedvolume},
	Editor = {Stefan Groth and Regina F. Bendix and Achim Spiller},
	Pdf = {https://books.openedition.org/gup/528},
	Publisher = {G{\"o}ttingen University Press},
	Series = {G{\"o}ttinger Studien zu Cultural Property},
	Title = {Kultur als Eigentum: Instrumente, Querschnitte und Fallstudien},
	DOI = {10.4000/books.gup.528},
	Url = {http://resolver.sub.uni-goettingen.de/purl?univerlag-isbn-978-3-86395-204-4},
	Volume = {9},
	Year = {2015}}

@incollection{Groth2015ah,
	Address = {G{\"o}ttingen},
	Author = {Stefan Groth and Sarah May},
	Booktitle = {Kultur als Eigentum: Instrumente, Querschnitte und Fallstudien},
	Editor = {Stefan Groth and Regina F. Bendix and Achim Spiller},
	Pages = {99--118},
	Pdf = {https://books.openedition.org/gup/541},
	Publisher = {G{\"o}ttingen University Press},
	Series = {G{\"o}ttingen Studies in Cultural Property},
	Title = {Von Schutz bis Verwertung: Zielsetzungen und Begr{\"u}ndungsmuster von Rechtsinstrumenten im Bereich kulturellen Eigentums},
	Url = {http://resolver.sub.uni-goettingen.de/purl?isbn-978-3-86395-100-9},
	Year = {2015}}

@review{Groth2011ab,
	Author = {Stefan Groth},
	Journal = {Kulturen},
	Pages = {59--62},
	Title = {Rezension von \emph{The Anthropology of Moralities}, herausgegeben von M. Heintz},
	Volume = {2/2011},
	Year = {2011}}

@review{Groth2012ab,
	Author = {Stefan Groth and Arnika Peselmann},
	Journal = {{\"O}sterreichische Zeitschrift f{\"u}r Volkskunde},
	Number = {1--2},
	Pages = {218--223},
	PDF = {https://www.volkskundemuseum.at/jart/prj3/volkskundemuseum/data/publikation/1524345943305/1524345943305.pdf},
	Title = {Rezension von \emph{Erb.gut? Kulturelles Erbe zwischen Wissenschaft und Gesellschaft}, herausgegeben von K. C. Berger, M. Schindler, I. Schneider},
	Volume = {115},
	Year = {2012}}

@review{Groth2014ab,
	Author = {Stefan Groth},
	Journal = {Journal of Folklore Research Reviews},
	Title = {Rezension von \emph{Treasured Possessions: Indigenous Interventions into Cultural and Intellectual Property} von H. Geismar},
	Url = {http://www.indiana.edu/%7Ejfr/review.php?id=1559},
	Volume = {10/2014},
	Year = {2014}}

@review{Groth2015af,
	Author = {Stefan Groth},
	Journal = {H-Soz-Kult},
	Pdf = {http://hsozkult.geschichte.hu-berlin.de/index.asp?id=24131&view=pdf&pn=rezensionen&type=rezbuecher},
	Title = {Rezension von \emph{Reiseziel: immaterielles Kulturerbe. Ein interdisziplin{\"a}rer Dialog}, herausgegeben von M.-A. Camp, S. Eggmann, B. Taufer},
	Keywords = {review},
	Url = {http://www.hsozkult.de/publicationreview/id/rezbuecher-24131},
	Volume = {09/2015},
	Year = {2015}}

@incollection{Groth2015ag,
	Address = {Frankfurt am Main},
	Author = {Stefan Groth},
	Booktitle = {Knappheit, Mangel, {\"U}berfluss: Kulturwissenschaftliche Positionen zum Umgang mit begrenzten Ressourcen},
	Editor = {Markus Tauschek and Maria Grewe},
	Pages = {57--80},
	Pdf = {},
	Publisher = {Campus},
	Title = {Situierte Knappheit: Kooperative und normative Dimensionen des Umgangs mit begrenzten Ressourcen},
	Year = {2015}}

@incollection{Groth2017ab,
	Address = {London},
	Year = {2017},
	Pages = {315--338},
	Author = {Stefan Groth and Regina F. Bendix},
	Booktitle = {The Routledge Companion to Cultural Property},
	Editor = {Haidy Geismar and Jane Anderson},
	Publisher = {Routledge},
	Title = {Culture as a Flexible Concept for the Legitimation of Policies in the European Union}}

@article{Groth2016ab,
	Author = {Stefan Groth},
	Journal = {Rheinisch-Westf{\"a}lische Zeitschrift f{\"u}r Volkskunde},
	Pages = {227--246},
	Title = {EU/Kultur: Zu Flexibilit{\"a}t und Koh{\"a}renz des Kulturbegriffes im Rahmen europ{\"a}ischer Kulturpolitik},
	Volume = {61},
	Year = {2016}}

@article{Groth2016ac,
	Author = {Stefan Groth and Ove Sutter},
	Journal = {Rheinisch-Westf{\"a}lische Zeitschrift f{\"u}r Volkskunde},
	Pages = {247--267},
	Title = {Kulturelle Repr{\"a}sentationen von \enquote{Region} in der gouvernementalen und kompetitiven Entwicklung l{\"a}ndlicher R{\"a}ume},
	Volume = {61},
	Year = {2016}}

@incollection{Groth2017ad,
	Author = {Stefan Groth},
	Pages = {481--491},
	Year = {2017},
	Editor = {Braun, Karl and Dieterich, Claus-Marco and Hengartner, Thomas and Tschofen, Bernhard},
	Address = {W{\"u}rzburg},
	Publisher = {K√∂nigshausen und Neumann},
	Title = {Subjektiver Sinn, objektive Indikatoren? Zum Verh{\"a}ltnis von Wahrnehmung und Vermessung im freizeitsportlichen Rennradsport},
	Booktitle = {Kulturen der Sinne. Zug√§nge zur Sensualit√§t der sozialen Welt}}

@incollection{Krahn2017aa,
	Author = {Yonca Krahn and Stefan Groth},
	Pages = {462--467},
	Year = {2017},
	Editor = {Braun, Karl and Dieterich, Claus-Marco and Hengartner, Thomas and Tschofen, Bernhard},
	Address = {W{\"u}rzburg},
	Publisher = {K√∂nigshausen und Neumann},
	Title = {Sport und Sinne: Eine Hinf{\"u}hrung},
	Booktitle = {Kulturen der Sinne. Zug√§nge zur Sensualit√§t der sozialen Welt}}

@review{Groth2017aa,
	Author = {Stefan Groth},
	Journal = {Journal of American Folklore},
	Pages = {228‚Äì230},
	Volume = {130},
	Number = {516},
	Year = {2017},
	Title = {Rezension von \emph{UNESCO on the Ground: Local Perspectives on Intangible Cultural Heritage}, herausgegeben von M. D. Foster, L. Gilman}}

@review{Groth2016ad,
	Author = {Stefan Groth},
	Journal = {Rheinisch-Westf{\"a}lische Zeitschrift f{\"u}r Volkskunde},
	Pages = {359--361},
	Title = {Rezension von \emph{Fair Trade: Eine global-lokale Geschichte am Beispiel des Kaffees} von R. Quaas},
	Volume = {61},
	Year = {2016}}

@incollection{Groth2016aa,
	Address = {Duisburg},
	Author = {Stefan Groth},
	Booktitle = {A Multi-Disciplinary Mosaic: Reflections on Global Cooperation and Migration},
	Doi = {10.14282/2198-0403-GD-13},
	Editor = {Markus B{\"o}ckenf{\"o}rde and Nadja Krupke and Philipp Michaelis},
	Pages = {24--26},
	Pdf = {http://www.gcr21.org/fileadmin/website/daten/pdf/Publications/Cooperation_and_Migration_2198-0403-GD-13.pdf},
	Publisher = {K{\"a}te Hamburger Kolleg/Centre for Global Cooperation Research},
	Series = {Global Dialogues},
	Title = {Entextualization as Migration},
	Volume = {13},
	Year = {2016}}

@article{Groth2017af,
	Annote = {Peer reviewed.},
	Author = {Stefan Groth and Yonca Krahn},
	Journal = {Journal of Ethnology and Folkloristics}, 
	Volume = {11},
	Year = {2017},
	Pages = {3-23},
	Number = {2},
	PDF = {https://doi.org/10.1515/jef-2017-0011},
	Keywords = {peerreview},
	DOI = {10.1515/jef-2017-0011},
	Abstract = {Sport has become increasingly popular with recreational athletes over the last couple of decades. This has only gained minimal attention so far from scholars interested in the relations between recreational sports and everyday culture. With this paper, we seek to contribute to this field by scrutinising the sensory dimensions of recreational sport. Rather than probing into or highlighting isolated senses, we look at sensory dimensions understood as a combination of different, non-separable sensory experiences featured in recreational endurance sports. We are interested in how senses play a role for recreational endurance athletes in running, triathlon and cycling both in training and competition. We start by examining how cultural and social dimensions are inextricably linked to doing sports. Secondly, we show how different configurations of the senses and their communicative mediation are contingent on sport disciplines, specific settings, technology, development and change as sensory careers over time. Thirdly, we discuss the kinaesthetic dimensions of doing sports in relation to the senses and the role of atmospheres. We conclude by arguing that highlighting specific senses by athletes is a cultural practice that calls for a holistic analysis of senses in sport, and outline some methodological implications for research on the senses.},
	Title = {Sensing Athletes: Sensory Dimensions of Recreational Endurance Sports}}

@review{Groth2017ae,
	Author = {Stefan Groth},
	Journal = {Schweizerisches Archiv f√ºr Volkskunde},
	Year = {2017},
	Volume = {113},
	Number = {2},
	Pages = {145--147},
	PDF = {https://www.e-periodica.ch/cntmng?pid=sav-001:2017:113::326},
	Title = {Rezension von \emph{Humble Theory. Folklore's Grasp on Social Life} von D. Noyes.}}

@book{Groth2018af,
	Editor = {Stefan Groth and Patrick M√ºller and Anna Suppa and Christian Ritter and Basil Rogger and Irene V√∂geli},
	Title = {Wissensorte. Ethnografische / kuÃànstlerische Erkundungen},
	Keywords = {miszelle},
	Url = {http://www.stefangroth.com/assets/img/wissensorte-publikation.pdf},
	PDF = {http://www.stefangroth.com/assets/img/wissensorte-publikation.pdf},
	Annote = {Publikation aus dem Projektseminar Wissensorte ‚Äì ReVisiting Black Mountain College (Master), HS/FS 2017/2018. Popul√§re Kulturen, ISEK - Institut f√ºr Sozialanthropologie und Empirische Kulturwissenschaft (Kooperationsprojekt mit der Z√ºrcher Hochschule der K√ºnste, ZHdK), Universit√§t Z√ºrich},
	Address = {Z√ºrich},
	Year = {2018}}

@article{Groth2018ab,
	Author = {Stefan Groth},
	Title = {Einfache Formen, komplexe Prozesse. Sprichw√∂rter und Redewendungen in multilateralen Verhandlungen},
	Journal = {Fabula: Zeitschrift f√ºr Erz√§hlforschung},
	Issuetitle = {Special Issue: Narrationsanalyse},
	Editor = {Silke Meyer},
	Abstract = {Sprichw√∂rter und Redewendungen dienen in multilateralen Verhandlungen und anderen politischen Kontexten der Verst√§rkung und Legitimierung von Aussagen. Als Anspielungsformeln eignen sie sich zur impliziten Kommunikation, bei der keine direkten Anschuldigungen oder Forderungen erhoben werden und die fuÃàr viele politische Kontexte typisch sind. Der Beitrag beleuchtet unterschiedliche Funktionen von Sprichw√∂rtern und Redewendungen als Teil von kommunikativen Strategien in multilateralen Verhandlungen und fragt nach kontextuellen Faktoren, die bei ihrer Analyse BeruÃàcksichtigung finden muÃàssen.},
	Year = {2018},
	Keywords = {peerreview},
	Pages = {27‚Äì49},
	Doi = {10.1515/fabula-2018-0003},
	Volume = {59},
	Number = {1-2},
	Annote = {Peer reviewed.}}

@article{Groth2018ac,
	Author = {Stefan Groth},
	Journal = {Schweizerisches Archiv f√ºr Volkskunde},
	Annote = {Peer reviewed.},
	Keywords = {peerreview},
	Year = {2018},
	Abstract = {In politischen Feldern und Prozessen, die in den letzten Jahren verst√§rkt zu einem empirisch-kulturwissenschaftlichen Forschungsfeld geworden sind, sind Dokumente allgegenw√§rtig. W√§hrend politische Prozesse unter Pr√§missen der Multilokalit√§t und Komplexit√§t von Akteurskonstellationen und thematischen VerknuÃàpfungen in den Blick genommen werden, bleiben die spezifischen Kontexte, in denen Dokumente entstehen, sowie die Spezifik der Dokumente aus methodisch-analytischer Sicht weitgehend unbeleuchtet. Der Beitrag macht die konkreten Entwurfspraxen, die sprachlichen und performativen Dimensionen von Dokumenten zum Thema, um wesentliche Elemente aufzuzeigen, die bei einem empirisch-kulturwissenschaftlichen Umgang mit Dokumenten aus politischen Prozessen zu beruÃàcksichtigen sind.},
	Volume = {114},
	Number = {1},
	Pages = {57--75},
	Title = {Entstehungskontext, Materialit√§t und Sprachspezifik. Elemente einer empirisch-kulturwissenschaftlichen Quellenkritik von Dokumenten in politischen Prozessen}}

@incollection{Groth2018aa,
	Address = {Berlin},
	Year = {2018},
	Author = {Stefan Groth},
	Booktitle = {Der Alltag der (Un)Sicherheit. Kulturwissenschaftlich-ethnographische Perspektiven auf die Sicherheitsgesellschaft},
	Editor = {Alexandra Schwell and Katharina Eisch-Angus},
	Publisher = {Panama Verlag},
	Pages = {36-63},
	Address = {Berlin},
	Title = {\enquote{Kein sichereres Mittel existirt zur Abwehr von allem Lumpengesindel}: Zur Entwicklung von Sicherheits- und Kontrollkonstellationen um 1900}}

%% Submitted Publications
@periodical{Groth2019ab,
	editor = {Groth, Stefan},
	title = {Narrative Culture 6 (1)},
	issuetitle = {Special Issue: Political Narratives / Narrations of the Political},
	Volume = {6},
	Number = {1},
	Year = {2019},
	Keywords = {peerreview,specialissue},
	Annote = {Peer Reviewed.}}

@article{Groth2019aa,
	Title = {Political Narratives / Narrations of the Political. An Introduction},
	Author = {Stefan Groth},
	Volume = {6},
	DOI = {10.13110/narrcult.6.1.0001},
	Number = {1},
	Year = {2019},
	Pages = {1--18},
	Journal = {Narrative Culture},
	Issuetitle = {Special Issue: Political Narratives / Narrations of the Political},
	Annote = {Peer Reviewed.},
	Keywords = {peerreview},
	Editor = {Stefan Groth},
	Abstract = {This introductory essay outlines a perspective on political narratives that moves beyond a narrow understanding and highlights the reception of political narratives in everyday contexts and conceptualizations of political spheres in everyday narratives of the political. It offers distinct perspectives of (1) narrative as practice and ontology, i.e. the view that telling and receiving stories are universal modes of mediating (political) views; (2) narrative as strategy, i.e. the intentional or automatic use of narrative to further relatively specific goals; and (3) narrative as method, i.e. as an analytic approach to socio-political realities in academia. The essays in this special issue show how political narratives are interpreted, modified and co-constructed in everyday stories and as part of popular narratives, and how political processes and structures are framed in everyday narratives.}}
	
@review{Groth2018ad,
	Title = {Rezension von \emph{Die Not der Anderen. Kulturwissenschaftliche Perspektiven auf Aushandlungen globaler Armut am Beispiel des Fairen Handels} von L. Winterberg},
	Year = {2018},
	Pages = {409‚Äì412},
	Keywords = {submitted},
	Volume = {62‚Äì63},
	Author = {Stefan Groth},
	Journal = {Rheinisch-Westf{\"a}lische Zeitschrift f{\"u}r Volkskunde}}

@incollection{Groth2019ah,
	Title = {Trends als Forschungsthema? Einordnung, Relevanz und Repr√§sentativit√§t in der europ√§isch-ethnologischen Themenbegrenzung},
	Editor = {Timo Heimerdinger and Marion N√§ser-Lather},
	Booktitle = {Wie kann man nur dazu forschen? ‚Äì Themenpolitik in der Europ√§ischen Ethnologie},
	Publisher = {√ñsterreichische Zeitschrift f√ºr Volkskunde},
	PDF = {https://www.zora.uzh.ch/id/eprint/162166/1/Groth_2019_Trends_als_Forschungsthema_Themenpolitik.pdf},
	Series = {Buchreihe der √ñsterreichischen Zeitschrift f√ºr Volkskunde},
	Pages = {149-170}, 
	Address = {Wien},
	Publisher = {Verein f√ºr Volkskunde},
	Year = {2019},
	Author = {Stefan Groth},
	Abstract = {Makro-Trends sind Annahmen gesamtgesellschaftlicher Entwicklungen und Handlungslogiken, die in unterschiedlichen Praxisfeldern und Deutungsrahmen ihre Wirkung entfalten und uÃàber die im oÃàffentlichen Diskurs prognostische Einordnungen vorgenommen werden. Der vorlie- gende Beitrag untersucht an einem Beispiel aus der Arbeitskulturenfor- schung, wie BezuÃàge auf solche Trends und dazugehoÃàrige Theorien in der Empirischen Kulturwissenschaft ausgestaltet sein koÃànnen und themati- siert dabei Fragen der Einordnung, Relevanz und RepraÃàsentativitaÃàt.}}

@incollection{Groth2019am,
	Author = {Stefan Groth},
	Title = {Of Good Averages and Happy Mediums: Orientations towards an Average in Urban Housing},
	Booktitle = {The Vulnerable Middle Class? Strategies of Housing in Prospering Cities},
	Publisher = {Herbert Utz},
	Address = {M√ºnchen},
	Keywords = {submitted,inpreparation},
	Year = {2019},
	Series = {M√ºnchner ethnographische Schriften},
	Volume = {},
	Editor = {Johannes Moser and Simone Egger},
	Annote = {Im Erscheinen.},
	Abstract = {The paper focusses on the relation between references to an ‚Äòaverage‚Äô and urban developments of crowding or increases in rents. The occurrence of normative orientations towards an ‚Äòaverage‚Äô in diverse fields ‚Äì such as debates on work-life balance and medium achievements in the workplace or goals to keep up with average performances in leisure sport ‚Äì serves as a starting point to investigate the role of the ‚Äòaverage‚Äô in urban housing. Based on qualitative interviews, discourse analysis and fieldwork in the Rathenauviertel and other districts in Cologne, it asks how ideas of an ‚Äòaverage‚Äô feature discursively in urban housing and how they are connected to other fields. The paper starts by outlining the prevalence of orientations towards the middle in different fields and specifically in the realm of housing. It proceeds by highlighting how notions of the middle are conveyed in advertisements, how they are tied to normative presuppositions and what impact they have on esthetics and materializations. The paper shows how perceptions of public space change with shifts in urban housing and conditions of appropriateness are adjusted. It concludes by arguing that orientations towards the middle in urban housing can be understood as an interplay between external pressures, normative orientations and justifications.}}

@incollection{Groth2019al,
	Title = {Zwischen Erm√∂glichung und Begrenzung: Zur subjektiven Plausibilisierung des Mittelma√ües als normative Orientierung},
	Editor = {Karl Braun and Johannes Moser and Christian Sch√∂nholz},
	Address = {Marburg},
	Publisher = {MakuFEE},
	Booktitle = {Wirtschaften. Kulturwissenschaftliche Perspektiven},
	Pages = {479--487},
	Year = {2019},
	Keywords = {inpreparation},
	Author = {Groth, Stefan},
	Annote = {Im Erscheinen.}}

@incollection{Groth2019ak,
	Title = {Konkurrenz um die Mitte? Kompetitive Orientierungen im breitensportlichen Rennradfahren},
	Author = {Stefan Groth},
	Editor = {Karin B√ºrkert and Alexander Engel and Timo Heimerdinger and Markus Tauschek and Tobias Werron},
	Pages = {199-219},
	Publisher = {Waxmann},
	Address = {M√ºnster},
	Year = {2019},
	Abstract = {Kompetitivit√§t im Breitensport l√§sst sich nicht auf spezifische kompetitive Formate wie etwa Rennen oder √§hnliche Veranstaltungen reduzieren. Auch weitergreifende, zum Teil nur diffus kompetitiv erscheinende Orientierungen ‚Äì damit auch subjektive, relationale und situative Aspekte ‚Äì m√ºssen aus empirisch-kulturwissenschaftlicher Sicht in den Blick genommen werden, um BreitensportlerInnen und ihre je subjektivierten Verh√§ltnisse zur Kompetitivit√§t zu untersuchen. Der vorliegende Beitrag nimmt von einer solchen Konzeption von Kompetitivit√§t ausgehend segmentierte kompetitive Orientierungen im Bereich des freizeitsportlichen Rennradfahrens in den Blick. In diesem Bereich k√∂nnen Wettbewerbe als sozialkomparative Praktiken von Sportlern verstanden werden, die sich nicht an einer absoluten Spitze, sondern vor allem an relativen Kriterien orientieren k√∂nnen. Der Fokus liegt dabei nicht auf SportlerInnen, die Rennen aufgrund ihrer Leistungsf√§higkeiten tats√§chlich gewinnen k√∂nnen, sondern auf Breiten- und FreizeitsportlerInnen, f√ºr die Platzierungen im Mittel- oder Schlussfeld realistisch sind und die sich in vielen F√§llen positiv auf ein mittleres Ma√ü beziehen. Damit tr√§gt der Beitrag Prozessen der Pluralisierung, Personalisierung, Relationierung und situativen Bestimmung von Kompetitivit√§t Rechnung. Der Beitrag beleuchtet daf√ºr zun√§chst einige Aspekte, die mit dieser Orientierung am Mittelma√ü einhergehen und diskutiert die Frage, inwieweit hier auch von einem Wettbewerb ums Mittelma√ü gesprochen werden kann. Dabei werden in einem ersten Schritt sportspezifische Gradualisierungen von Sieg / Niederlage-Codierungen diskutiert und um eine empirisch-kulturwissenschaftliche Perspektive erweitert, die soziokulturelle Interpretationen und Handlungsmuster ber√ºcksichtigt. In einem n√§chsten Schritt werden Motivpluralisierungen im breitensportlichen Rennradsport zum Thema gemacht, die nicht auf kompetitive Motive beschr√§nkt sind und beispielsweise gesundheitliche oder soziale Funktionen beinhalten. Vor diesem Hintergrund wird der Zusammenhang zwischen expliziten Wettbewerbsformaten und anderen Formen des Sporttreibens sowie der Einfluss von situativen Faktoren und ephemeren Stimuli auf kompetitive Orientierungen in den Blick genommen. Abschlie√üend wird die Konstruktion von Vergleichsdimensionen im Breitensport n√§her beleuchtet, bei der SportlerInnen sich mit bekannten oder unbekannten Akteuren in Beziehung setzen oder sich in unterschiedlichen Kategorien wie Alters- oder Leistungsklassen verorten. Im Zentrum steht dabei die Frage, inwieweit und wie BreitensportlerInnen nicht nur um die Spitze, sondern auch um ein Mittelma√ü konkurrieren.},
	Series = {Freiburger Studien zur Kulturanthropologie},
	Volume = {2},
	Booktitle = {Auf den Spuren der Konkurrenz. Kultur‚Äê und sozialwissenschaftliche Perspektiven}}

@incollection{Groth2019ad,
	Title = {Ordnungen in Alltag und Gesellschaft: Konzepte, Methoden und Theorien},
	Author = {Stefan Groth},
	Booktitle = {Ordnungen in Alltag und Gesellschaft: Empirisch-kulturwissenschaftliche Perspektiven},
	Editor = {Stefan Groth and Linda M√ºlli},
	Publisher = {K√∂nigshausen und Neumann},
	Address = {W√ºrzburg},
	Pages = {12--36},
	Year = {2019}}

@incollection{Groth2019ag,
	Title = {Ordnung als Methode und Praxis: Zur Kommunikationsethnografie internationaler Verhandlungen},
	Author = {Stefan Groth},
	Pages = {297--315},
	Booktitle = {Ordnungen in Alltag und Gesellschaft: Empirisch-kulturwissenschaftliche Perspektiven},
	Editor = {Stefan Groth and Linda M√ºlli},
	Publisher = {K√∂nigshausen und Neumann},
	Address = {W√ºrzburg},
	Year = {2019},
	Abstract = {}}

@incollection{Groth2019at,
	Author = {Stefan Groth},
	Title = {Prinzipielle Verf√ºgbarkeit und strategische Transparenz: Zur Rolle von Dokumenten aus politischen Prozessen in Forschungsdesigns},
	Booktitle = {Forschungsdesign 4.0. Datengenerierung und Wissenstransfer in interdisziplin√§rer Perspektive},
	Annote = {Zur Publikation angenommen},
	Address = {Dresden},
	Publisher = {},
	Year = {2019},
	Editor = {Martina Schattkowsky and Ira Spieker},
	Keywords = {submitted,inpreparation}}

@incollection{Groth2019af,
	Title = {Zusammen arbeiten: Modalit√§ten ‚Äì Settings ‚Äì Perspektiven},
	Author = {Stefan Groth and Christian Ritter},
	Editor = {Stefan Groth and Christian Ritter},
	Booktitle = {Zusammen arbeiten. Praktiken der Koordination und Kooperation in kollaborativen Prozessen},
	Pages = {7--22},
	Year = {2019},
	Series = {Kultur und soziale Praxis},
	Annote = {Im Druck (erscheint 8/2019)},
	Keywords = {submitted,inpreparation},
	Publisher = {Transcript},
	Address = {Bielefeld}}

@review{Groth2018ah,
	Title = {Rezension von \emph{Dimensionen des Politischen. Anspr√ºche und Herausforderungen der Empirischen Kulturwissenschaften} von J. Rolshoven und I. Schneider},
	Year = {2018},
	Author = {Stefan Groth},
	Pages = {133-136},
	Journal = {Schweizerisches Archiv f√ºr Volkskunde}}

@review{Groth2019aj,
	Title = {Rezension von \emph{\enquote{Schlie√ülich sitzen wir alle im selben Boot}: Helmut Schmidts politische Sprichwortrhetorik} von A. Nolte und W. Mieder},
	Year = {2019},
	Author = {Stefan Groth},
	Journal = {Fabula},
	Keywords = {submitted},
	Annote = {Zur Publikation eingereicht}}

@book{Groth2019ac,
	Title = {Ordnungen in Alltag und Gesellschaft: Empirisch-kulturwissenschaftliche Perspektiven},
	Editor = {Stefan Groth and Linda M√ºlli},
	Publisher = {K√∂nigshausen und Neumann},
	Address = {W√ºrzburg},
	Abstract = {Ordnungen sind in Alltag und Gesellschaft allgegenw√§rtig. Wie interagieren wir im √∂ffentlichen Raum? Welche Rituale sind in Organisationen ordnend? Wie verschieben sich etwa durch wandernde W√∂lfe herk√∂mmliche Ordnungskonzepte? Ordnungen treten uns als explizite Regeln und festgeschriebene Gebote ebenso gegen√ºber wie als subtile Gepflogenheiten und implizite Handlungsmuster. Die empirisch-kulturwissenschaftlichen Beitr√§ge des Bandes zeigen mittels unterschiedlicher analytischer und methodologischer Ann√§herungen, wie Ordnungen produziert oder transformiert werden, aber auch wo sie sicht- oder unsichtbar sind.},
	Year = {2019},
	Keywords = {editedvolume}}

@article {Groth2019ai,
	Author = {Stefan Groth and Johannes M√ºske},
	Title = {Arbeit 4.0? Kulturwissenschaftliche Perspektiven auf Arbeit im Wandel},
	Pages = {11-20},
	Volume = {73},
	Journal = {AugenBlick. Konstanzer Hefte zur Medienwissenschaft},
	Year = {2019}}

%% Publications in Preparation / Submitted but not yet accepted
@book{Groth2019ae,
	Title = {Zusammen arbeiten. Praktiken der Koordination und Kooperation in kollaborativen Prozessen},
	Editor = {Stefan Groth and Christian Ritter},
	Publisher = {Transcript},
	Abstract = {},
	Series = {Kultur und soziale Praxis},
	Keywords = {editedvolume,inpreparation},
	Address = {Bielefeld},
	Year = {2019},
	Annote = {Im Druck (erscheint 8/2019)}}

@book{Groth2019ar,
	Address = {G{\"o}ttingen},
	Author = {Groth, Stefan},
	Keywords = {monography,inpreparation},
	Publisher = {G{\"o}ttingen University Press},
	Series = {G{\"o}ttingen Studies in Cultural Property},
	Volume = {15},
	Annote = {In Vorbereitung. Erscheint 10/2019},
	Title = {Normative Dimensionen kulturellen Eigentums}}

@book{Groth2019ao,
	Title = {Vernetzt, entgrenzt, prek√§r? Kulturwissenschaftliche Perspektiven auf Arbeit im Wandel},
	Editor = {Stefan Groth and Sarah May and Johannes M√ºske},
	Year = {2019},
	Series = {Arbeit und Alltag: Beitr√§ge zur ethnografischen Arbeitskulturenforschung},
	Volume = {16},
	Publisher = {Campus},
	Annote = {In Vorbereitung. Erscheint 11/2019},
	Adress = {Frankfurt am Main},
	Keywords = {inpreparation,editedvolume}}

@review{Groth2019an,
	Title = {Rezension von \emph{Unterrichten als Beruf. Akteure, Praxen und Ordnungen in der Schulbildung} von L. Franken},
	Year = {2019},
	Author = {Stefan Groth},
	Keywords = {submitted},
	Journal = {Bayerisches Jahrbuch f√ºr Volkskunde},
	Annote = {Zur Publikation eingereicht}}

@article{Groth2019as,
	Author = {Stefan Groth},
	Title= {Vergleiche als antizipierende und relationale Praxis},
	Year = {2019},
	Journal = {Zeitschrift f√ºr Volkskunde},
	Keywords = {peerreview,submitted,inpreparation,mitte},
	Annote = {Peer Reviewed. Zur Publikation angenommen. Erscheint 2019}}

@incollection{Groth2019aq,
	Title = {\enquote{Work-Life Balance}, Entgrenzung und Orientierungen an der Mitte},
	Booktitle = {Vernetzt, entgrenzt, prek√§r? Kulturwissenschaftliche Perspektiven auf Arbeit im Wandel},
	Author = {Stefan Groth},
	Editor = {Stefan Groth and Sarah May and Johannes M√ºske},
	Annote = {Zur Publikation angenommen. Erscheint 11/2019},
	Year = {2019},
	Series = {Arbeit und Alltag: Beitr√§ge zur ethnografischen Arbeitskulturenforschung},
	Volume = {16},
	Publisher = {Campus},
	Adress = {Frankfurt am Main},
	Keywords = {submitted,inpreparation,mitte}}

%% Last 2019xx-key: Groth2019at
%% Next 2019xx-key: Groth2019au
%% 2016xx-keys closed with Groth2016ad
%% 2017xx-keys closed with Groth2017af
%% 2018xx-keys closed with Groth2018ah
%% Citekeys are updated from 0000zz to 20xxzz once published, 0000zz-keys are not re-used
